% Encoding: UTF-8

@online{VueDoc,
  author = "Evan You",
  title = "VueJs Documentation",
  url = "https://vuejs.org/",
  addendum = "(accessed: 01.05.2025)",
  year      = {2025},
  keywords = "vue,js,ts,spa"
}

@article{VueAPIStyles,
  author = "Evan You",
  title = "Vue API Styles ",
  url = "https://vuejs.org/guide/introduction.html#which-to-choose",
  addendum = "(accessed: 01.05.2025)",
  year      = {2025},
  keywords = "vue,js,ts,spa"
}

@online{Vite,
  author = "Evan You",
  title = "Vite Documentation",
  url = "https://vite.dev/",
  addendum = "(accessed: 01.05.2025)",
  year      = {2019},
  keywords = "vite,vue,js,ts,spa"
}

@online{SCSS,
  author = "Saas",
  title = "SCSS Documentation",
  url = "https://sass-lang.com/documentation/syntax/",
  addendum = "(accessed: 01.05.2025)",
  year      = {2006},
  keywords = "scss,saas"
}

@online{QuasarStart,
  author = "Razvan Stoenescu",
  title = "Quasar Getting Started",
  url = "https://quasar.dev/start/",
  addendum = "(accessed: 01.05.2025)",
  year      = {2025},
  keywords = "vue,quasar"
}

@online{NestJsDoc,
  author = "Kamil Mysliwiec",
  title = "NestJs Documentation",
  url = "https://docs.nestjs.com/",
  addendum = "(accessed: 01.05.2025)",
  year      = {2025},
  keywords = "nestjs,js,ts,expressjs"
}


@online{ExpressJS,
  author = "OpenJS-Foundation",
  title = "Express JS",
  url = "https://expressjs.com/",
  addendum = "(accessed: 01.05.2025)",
  year      = {2025},
  keywords = "js,expressjs"
}


@online{ElectronDoc,
  author = "OpenJS-Foundation",
  title = "Electron Documentation",
  url = "https://www.electronjs.org/docs/",
  addendum = "(accessed: 20.05.2025)",
  year      = {2025},
  keywords = "electron,js,chromium,nodejs"
}


@online{CordovaDoc,
  author = "Apache-Software-Foundation",
  title = "Cordova Documentation",
  url = "https://cordova.apache.org/docs/",
  addendum = "(accessed: 20.05.2025)",
  year      = {2025},
  keywords = "cordova,js,android"
}

@online{TSDoc,
  author = "Microsoft",
  title = "TypeScript Documentation",
  url = "https://www.typescriptlang.org/",
  addendum = "(accessed: 10.05.2025)",
  year      = {2025},
  keywords = "ts,js,lang"
}

@online{Vscode,
  author = "Microsoft",
  title = "Visual Studio Code documentation",
  url = "https://code.visualstudio.com/docs",
  addendum = "(accessed: 10.05.2025)",
  year      = {2025},
  keywords = "vscode,code-editor"
}

@article{MozillaLocalStorage,
  author = "Mozilla",
  title = "Web Storage API",
  url = "https://developer.mozilla.org/en-US/docs/Web/API/Web_Storage_API",
  addendum = "(accessed: 10.05.2025)",
  date      = {2025-02-22},
  keywords = "firefox,chrome,localstorage"
}
@article{NyakundiOOP,
  author = "Hillary Nyakundi ",
  title = "OOP Meaning - What is Object-Oriented Programming?",
  url = "https://www.freecodecamp.org/news/what-is-object-oriented-programming/",
  addendum = "(accessed: 10.05.2025)",
  date      = {2022-09-22},
  keywords = "oop"
}

@online{StackOverflow,
  author = "Stack-Exchange-Inc",
  title = "StackOverflow",
  url = "https://stackoverflow.com/",
  addendum = "(accessed: 10.05.2025)",
  year      = {2025},
  keywords = "forum,code"
}

@online{Github,
  author = "Github-Inc",
  title = "Github",
  url = "https://github.com/",
  addendum = "(accessed: 10.05.2025)",
  year      = {2025},
  keywords = "git,github"
}

@online{AndroidDev,
  author = "Google",
  title = "Android developer's website",
  url = "https://developer.android.com/",
  addendum = "(accessed: 10.05.2025)",
  year      = {2025},
  keywords = "android,android-studio"
}

@online{VBox,
  author = "Oracle",
  title = "VirtualBox Website",
  url = "https://www.virtualbox.org/",
  addendum = "(accessed: 10.05.2025)",
  year      = {2025},
  keywords = "virtualbox,virtualization"
}

@article{JIT,
  author = "Hemendra Khatik",
  title = "What exactly Just in time (JIT) compilation is in JavaScript?",
  url="https://medium.com/@aamchora/what-exactly-just-in-time-jit-compilation-is-in-javascript-f7aea482843f",
  addendum = "(accessed: 20.05.2025)",
  date = {2022-07-27},
}

@article{TSfeatures,
  author = "Harish Kumar",
  title = "10 Must-Know TypeScript Features to Improve Your Coding Efficiency",
  url="https://dev.to/hkp22/10-must-know-typescript-features-to-improve-your-coding-efficiency-396m",
  addendum = "(accessed: 20.05.2025)",
  date = {2024-12-17},
}

@article{UUID,
  author = "Mozilla",
  title = "UUID",
  url="https://developer.mozilla.org/en-US/docs/Glossary/UUID",
  addendum = "(accessed: 20.05.2025)",
  date = {2023-06-08},
}


@online{VueRouter,
  author = "Eduardo San Martin Morote",
  title = "Vue Router",
  url = "https://router.vuejs.org/",
  addendum = "(accessed: 10.05.2025)",
  year      = {2025},
  keywords = "vue,router"
}


@online{MySQL,
  author = "Oracle",
  title = "MySQL",
  url = "https://www.mysql.com/",
  addendum = "(accessed: 10.05.2025)",
  year      = {2025},
  keywords = "mysql,sql"
}


@article{SyncPeerDH,
  author = "PeerDH",
  title = "Strategies For Effective Data Synchronization In Real-time Applications",
  url="https://peerdh.com/blogs/programming-insights/strategies-for-effective-data-synchronization-in-real-time-applications",
  addendum = "(accessed: 27.05.2025)",
  date = {2024-09-28},
}

@article{AmblerORM,
  author = "Scott W. Ambler",
  title = "Mapping Objects to Relational Databases: O/R Mapping In Detail",
  url="https://agiledata.org/essays/mappingObjects.html",
  addendum = "(accessed: 27.05.2025)",
  year = 2022,
}


@online{TypeORM,
  author = "TypeORM",
  title = "TypeORM",
  url = "https://typeorm.io/",
  addendum = "(accessed: 10.05.2025)",
  year      = 2025,
  keywords = "typeorm,orm,sql"
}

@online{JWT,
  author = "auth0",
  title = "Introduction to JSON Web Tokens",
  url = "https://jwt.io/introduction",
  addendum = "(accessed: 10.05.2025)",
  year      = 2025,
  keywords = "jwt"
}

@article{bcryptTemoye,
  author = "Dennis Temoye",
  title = "How to Hash Passwords with bcrypt in Node.js",
  url="https://agiledata.org/essays/mappingObjects.html",
  addendum = "(accessed: 27.05.2025)",
  date = {2024-04-03},
}

@article{RoyRefreshToken,
  author = "Sandip Roy",
  title = "What Are Access and Refresh Tokens?",
  url="https://www.baeldung.com/cs/access-refresh-tokens",
  addendum = "(accessed: 27.05.2025)",
  date = {2024-03-18},
}

@Comment{jabref-meta: databaseType:biblatex;}
